
@article{berman_direct_2008,
  title = {A Direct Approach to {{Bergman}} Kernel Asymptotics for Positive Line Bundles},
  volume = {46},
  number = {2},
  journal = {Arkiv f\"or Matematik},
  author = {Berman, Robert and Berndtsson, Bo and Sj\"ostrand, Johannes},
  year = {2008},
  pages = {197--217},
  file = {/home/alix/Zotero/storage/KSSFNMDB/1485907045.pdf}
}

@article{boutet_de_monvel_sur_1975,
  title = {{Sur la singularit\'e des noyaux de Bergman et de Szeg\"o}},
  volume = {34-35},
  language = {fre},
  journal = {Journ\'ees \'equations aux d\'eriv\'ees partielles},
  author = {{Boutet de Monvel}, Louis and Sj\"ostrand, Johannes},
  year = {1975},
  pages = {123-164},
  file = {/home/alix/Zotero/storage/BRKXBAKF/JEDP_1975____123_0.pdf}
}

@article{helffer_puits_1986,
  title = {Puits Multiples En Limite Semi-Classique {{V}} : {{\'Etude}} Des Minipuits},
  journal = {Current topics in partial differential equations},
  author = {Helffer, Bernard and Sj\"ostrand, Johannes},
  year = {1986},
  pages = {133--186}
}

@article{doucot_semiclassical_1998,
  title = {A Semiclassical Analysis of Order from Disorder},
  volume = {31},
  language = {en},
  number = {28},
  journal = {Journal of Physics A: Mathematical and General},
  author = {Dou{\c c}ot, Beno\^it and Simon, Patrice},
  year = {1998},
  pages = {5855},
  file = {/home/alix/Zotero/storage/N4S6K8AV/Dou√ßot and Simon - 1998 - A semiclassical analysis of order from disorder.pdf}
}

@article{charles_berezin-toeplitz_2003,
  title = {Berezin-{{Toeplitz Operators}}, a {{Semi}}-{{Classical Approach}}},
  volume = {239},
  language = {en},
  number = {1-2},
  journal = {Communications in Mathematical Physics},
  author = {Charles, Laurent},
  month = aug,
  year = {2003},
  pages = {1-28},
  file = {/home/alix/Zotero/storage/GX2DNH5H/Charles - 2003 - Berezin-Toeplitz Operators, a Semi-Classical Appro.pdf;/home/alix/Zotero/storage/DBWG7WUQ/s00220-003-0882-9.html}
}

@article{bargmann_hilbert_1961,
  title = {On a {{Hilbert}} Space of Analytic Functions and an Associated Integral Transform {{Part I}}},
  volume = {14},
  number = {3},
  journal = {Communications on pure and applied mathematics},
  author = {Bargmann, Valentine},
  year = {1961},
  pages = {187--214},
  file = {/home/alix/Zotero/storage/DGNLX25J/Bargmann - 1961 - On a Hilbert space of analytic functions and an as.pdf;/home/alix/Zotero/storage/6AXVT926/full.html}
}

@book{woodhouse_geometric_1997,
  title = {Geometric Quantization},
  publisher = {{Oxford University Press}},
  author = {Woodhouse, Nicholas M. J.},
  year = {1997}
}

@article{deleporte_low-energy_2017,
  %archivePrefix = {arXiv},
  %primaryClass = {math-ph},
  title = {Low-Energy Spectrum of {{Toeplitz}} Operators with a Miniwell},
  journal = {arXiv:1610.05902 [math-ph]},
  author = {Deleporte, Alix},
  year = {2017},
  keywords = {Mathematical Physics,Mathematics - Spectral Theory,Mathematics - Analysis of PDEs},
  file = {/home/alix/Zotero/storage/95Q5WHY5/Deleporte - 2016 - Low-energy spectrum of Toeplitz operators with a m.pdf;/home/alix/Zotero/storage/A8SBXWEF/1610.html}
}

@article{deleporte_low-energy_2016-1,
  title = {Low-Energy Spectrum of {{Toeplitz}} Operators: The Case of Wells},
  shorttitle = {Low-Energy Spectrum of {{Toeplitz}} Operators},
  journal = {Journal of Spectral Theory (accepted)},
  author = {Deleporte, Alix},
  year = {2016},
  file = {/home/alix/Zotero/storage/ED68A4FT/Deleporte - 2016 - Low-energy spectrum of Toeplitz operators the cas.pdf;/home/alix/Zotero/storage/G9U2B45F/1609.html}
}

@article{deleporte_toeplitz_2018,
  title = {Toeplitz Operators with Analytic Symbols},
  journal = {In preparation},
  author = {Deleporte, Alix},
  year = {2018}
}

@article{deleporte_quantum_2018,
  title = {Quantum Selection for Spin Systems},
  journal = {arXiv:1808.00718},
  author = {Deleporte, Alix},
  year = {2018}
}


